bank_account_key,sequence_id,category,2022-01,2022-02,2022-03,2022-04,2022-05,2022-06,2022-07,2022-08,2022-09,2022-10,2022-11,2022-12,2023-01,2023-02,2023-03,2023-04,2023-05,2023-06,2023-07,2023-08,2023-09,2023-10,2023-11,2023-12,2024-01,2024-02,2024-03,2024-04,2024-05,2024-06,2024-07,2024-08,2024-09
2208Chase,1,Rent,0.0,0.0,0.0,0.0,0.0,0.0,0.0,0.0,0.0,0.0,0.0,0.0,0.0,0.0,0.0,0.0,0.0,0.0,99.2,41.14,0.0,0.0,0.0,0.0,0.0,0.0,0.0,0.0,0.0,0.0,0.0,0.0,0.0
2208Chase,2,Interest,0.07,0.07,0.07,0.07,0.07,0.08,0.07,0.07,0.07,0.07,0.47,0.93,0.83,0.76,0.84,0.81,0.84,0.81,0.85,0.85,0.83,0.85,0.83,0.81,0.04,0.02,0.01,0.02,0.01,0.02,0.01,0.01,0.0
2208Chase,3,REVENUE,0.07,0.07,0.07,0.07,0.07,0.08,0.07,0.07,0.07,0.07,0.47,0.93,0.83,0.76,0.84,0.81,0.84,0.81,100.05,41.99,0.83,0.85,0.83,0.81,0.04,0.02,0.01,0.02,0.01,0.02,0.01,0.01,0.0
2208Chase,14,EXPENSES,0.0,0.0,0.0,0.0,0.0,0.0,0.0,0.0,0.0,0.0,0.0,0.0,0.0,0.0,0.0,0.0,0.0,0.0,0.0,0.0,0.0,0.0,0.0,0.0,0.0,0.0,0.0,0.0,0.0,0.0,0.0,0.0,0.0
2208Chase,15,NET INCOME,0.07,0.07,0.07,0.07,0.07,0.08,0.07,0.07,0.07,0.07,0.47,0.93,0.83,0.76,0.84,0.81,0.84,0.81,100.05,41.99,0.83,0.85,0.83,0.81,0.04,0.02,0.01,0.02,0.01,0.02,0.01,0.01,0.0
2208Chase,19,Owner Draw,0.0,0.0,0.0,0.0,0.0,0.0,0.0,0.0,0.0,0.0,0.0,-2000.0,0.0,0.0,0.0,0.0,0.0,0.0,0.0,0.0,0.0,0.0,0.0,-5000.0,0.0,0.0,0.0,0.0,0.0,0.0,0.0,0.0,0.0
2208Chase,21,CASHFLOW,8571.05,8571.12,8571.19,8571.26,8571.33,8571.41,8571.48,8571.55,8571.62,8571.69,8572.16,6573.09,6573.92,6574.68,6575.52,6576.33,6577.17,6577.98,6678.03,6720.02,6720.85,6721.7,6722.53,1723.34,1723.38,1723.4,1723.41,1723.43,1723.44,1723.46,1723.47,1723.48,0.0
