bank_account_key,sequence_id,category,2022-01,2022-02,2022-03,2022-04,2022-05,2022-06,2022-07,2022-08,2022-09,2022-10,2022-11,2022-12,2023-01,2023-02,2023-03,2023-04,2023-05,2023-06,2023-07,2023-08,2023-09,2023-10,2023-11,2023-12,2024-01,2024-02,2024-03,2024-04,2024-05,2024-06
104Meadow,1,Rent,1699,1970,1720,0,3280,0,0,7330.03,0,0,4265.49,0,0,0,2032.7,1775,1775,1775,1775,1950,1775,1950,0,1391,2259,1950,0,3441,1950,1700
104Meadow,3,REVENUE,1699,1970,1720,0,3280,0,0,7330.03,0,0,4265.49,0,0,0,2032.7,1775,1775,1775,1775,1950,1775,1950,0,1391,2259,1950,0,3441,1950,1700
104Meadow,4,Insurance,0,0,0,0,0,0,0,0,0,0,-1548,0,0,0,0,0,0,0,0,0,0,0,0,0,0,0,0,0,0,0
104Meadow,5,Taxes,0,0,0,0,0,0,0,0,0,0,0,-5750.35,0,0,0,0,0,0,0,0,0,0,0,-6077.19,0,0,0,0,0,0
104Meadow,6,Repair,-275,-840,0,0,-944,-135,0,0,0,0,0,-2500,0,0,0,0,0,0,0,-32.32,0,0,0,0,0,0,0,0,0,0
104Meadow,7,Management,-75,-75,-75,-75,-75,-75,-75,-75,-75,-75,-75,-75,-75,-75,-75,-75,-75,-75,-75,-75,-75,-75,-75,-75,-75,-75,-75,-75,-75,-75
104Meadow,10,Professional Services,0,0,0,0,0,-367,0,0,-29.46,0,0,0,-35,0,17.5,0,0,0,0,0,0,0,0,0,0,0,0,0,0,0
104Meadow,14,EXPENSES,-350,-915,-75,-75,-1019,-577,-75,-75,-104.46,-75,-1623,-8325.35,-110,-75,-57.5,-75,-75,-75,-75,-107.32,-75,-75,-75,-6152.19,-75,-75,-75,-75,-75,-75
104Meadow,15,NET INCOME,1349,1055,1645,-75,2261,-577,-75,7255.03,-104.46,-75,2642.49,-8325.35,-110,-75,1975.2,1700,1700,1700,1700,1842.68,1700,1875,-75,-4761.19,2184,1875,-75,3366,1875,1625
104Meadow,16,Mortgage Payments,-730.2,-730.2,-730.2,-730.2,-730.2,-730.2,-730.2,-730.2,-730.2,-730.2,-730.2,-730.2,-730.2,-730.2,-730.2,-730.2,-730.2,-730.2,-730.2,-730.2,-730.2,-730.2,-730.2,-730.2,-730.2,-730.2,-730.2,-730.2,-730.2,-730.2
104Meadow,19,Owner Draw,0,0,0,0,0,0,0,0,0,0,0,0,1000,0,0,0,0,0,0,0,0,0,0,-1000,0,0,0,0,0,0
104Meadow,20,Security Deposit,0,0,0,0,0,0,0,0,0,0,0,-541.5,0,0,0,0,0,0,0,0,0,0,0,0,0,0,0,0,0,0
104Meadow,21,CASHFLOW,3668.29,3993.09,4907.89,4102.69,5633.49,4326.29,3521.09,10045.92,9211.26,8406.06,10318.35,721.3,881.1,75.9,1320.9,2290.7,3260.5,4230.3,5200.1,6312.58,7282.38,8427.18,7621.98,1130.59,2584.39,3729.19,2923.99,5559.79,6704.59,7599.39
108Meadow,1,Rent,1695,1695,1695,0,0,0,0,8775,0,0,3590,1795,0,3503.25,1795,1795,1900,3367.07,0,2373.34,1850,1850,1850,1541,2159,1850,0,3241,1850,1850
108Meadow,3,REVENUE,1695,1695,1695,0,0,0,0,8775,0,0,3590,1795,0,3503.25,1795,1795,1900,3367.07,0,2373.34,1850,1850,1850,1541,2159,1850,0,3241,1850,1850
108Meadow,4,Insurance,0,0,0,0,0,0,0,0,0,0,-1483.42,0,0,0,0,0,0,-1919,0,0,0,0,0,0,0,0,0,0,0,0
108Meadow,5,Taxes,0,0,0,0,0,0,0,0,0,0,0,-5962.88,0,0,0,0,0,0,0,0,0,0,0,-4363.5,0,0,0,0,0,0
108Meadow,6,Repair,0,0,0,0,-983.12,983.12,0,-4113.2,-1204.78,-7.03,4120.23,1204.78,-64.64,-48.78,-81.98,0,0,0,-3395,0,0,0,0,0,0,0,0,0,0,0
108Meadow,7,Management,-75,-75,-75,-75,-75,-75,-75,-75,-75,-75,-75,-75,-75,-75,-75,-75,-75,-75,-75,-75,-75,-75,-75,-75,-75,-75,-75,-75,-75,-75
108Meadow,10,Professional Services,0,0,0,0,0,0,0,0,-54.75,0,0,0,1.38778E-17,-335,17.5,0,0,0,0,0,0,0,0,0,0,0,0,0,0,0
108Meadow,14,EXPENSES,-75,-75,-75,-75,-1058.12,908.12,-75,-4188.2,-1334.53,-82.03,2561.81,-4833.1,-139.64,-458.78,-139.48,-75,-75,-1994,-3470,-75,-75,-75,-75,-4438.5,-75,-75,-75,-75,-75,-75
108Meadow,15,NET INCOME,1620,1620,1620,-75,-1058.12,908.12,-75,4586.8,-1334.53,-82.03,6151.81,-3038.1,-139.64,3044.47,1655.52,1720,1825,1373.07,-3470,2298.34,1775,1775,1775,-2897.5,2084,1775,-75,3166,1775,1775
108Meadow,16,Mortgage Payments,-748.93,-748.93,-748.93,-748.93,-748.93,-1497.86,-1497.86,-1497.86,-748.93,-748.93,-748.93,-748.93,-748.93,-748.93,-748.93,-748.93,-748.93,-748.93,-748.93,-748.93,-748.93,-748.93,-748.93,-748.93,-748.93,-748.93,-748.93,-748.93,-748.93,-748.93
108Meadow,17,Capex,0,0,0,0,0,0,0,0,0,0,0,0,0,0,0,0,0,-7000,0,0,0,0,0,0,0,0,0,0,0,0
108Meadow,18,Transfers,0,0,0,0,0,0,0,0,0,0,0,1520,0,0,0,0,0,0,0,0,0,0,0,0,0,0,0,0,0,0
108Meadow,19,Owner Draw,0,0,0,0,0,0,0,1000,0,0,0,-4000,0,0,0,0,0,4000,3000,0,0,0,0,0,0,0,0,0,0,0
108Meadow,20,Security Deposit,0,0,0,0,0,0,0,0,0,0,0,0,0,0,0,0,0,0,-2220,0,0,0,0,0,0,0,0,0,0,0
108Meadow,21,CASHFLOW,4424.78,5295.85,6166.92,5342.99,3535.94,2946.2,1373.34,5462.28,3378.82,2547.86,7950.74,1683.71,795.14,3090.68,3997.27,4968.34,6044.41,3668.55,229.62,1779.03,2805.1,3831.17,4857.24,1210.81,2545.88,3571.95,2748.02,5165.09,6191.16,7217.23
108Pagoda,1,Rent,1745,1750,1745,0,3390,1745,0,3595,0,0,3700,3400,0,3613.25,1850,1850,1850,1850,0,3700,1725,1925,0,1736,2234,1925,0,3641,557.05,1525
108Pagoda,3,REVENUE,1745,1750,1745,0,3390,1745,0,3595,0,0,3700,3400,0,3613.25,1850,1850,1850,1850,0,3700,1725,1925,0,1736,2234,1925,0,3641,557.05,1525
108Pagoda,4,Insurance,0,0,0,0,0,0,0,0,0,0,-1358,0,0,0,0,0,0,0,0,0,0,0,0,0,0,0,0,0,0,0
108Pagoda,5,Taxes,0,0,0,0,0,0,0,0,0,0,0,-5741.25,0,0,0,0,0,0,0,0,0,0,0,-5544.09,0,0,0,0,0,0
108Pagoda,6,Repair,0,0,0,-675.17,-65.94,-138.03,-1090.98,-244.06,-123.71,-151.74,2414.91,0,0,0,0,0,0,-55.56,0,-132.73,0,0,0,0,0,0,-84.19,0,0,0
108Pagoda,7,Management,-75,-75,-75,-75,-75,-75,-75,-75,-75,-75,-75,-75,-75,-75,-75,-75,-75,-75,-75,-75,-75,-75,-75,-75,-75,-75,-75,-75,-75,-75
108Pagoda,10,Professional Services,0,0,0,0,0,-103,0,0,-27,-108,0,0,0,-335,0,0,0,0,0,0,0,0,0,0,0,0,0,0,0,0
108Pagoda,12,HOA,-218,0,0,0,0,0,0,0,0,0,0,-218,-218,0,0,0,0,0,0,0,0,0,0,0,-218,0,0,0,0,0
108Pagoda,14,EXPENSES,-293,-75,-75,-750.17,-140.94,-316.03,-1165.98,-319.06,-225.71,-334.74,981.91,-6034.25,-293,-410,-75,-75,-75,-130.56,-75,-207.73,-75,-75,-75,-5619.09,-293,-75,-159.19,-75,-75,-75
108Pagoda,15,NET INCOME,1452,1675,1670,-750.17,3249.06,1428.97,-1165.98,3275.94,-225.71,-334.74,4681.91,-2634.25,-293,3203.25,1775,1775,1775,1719.44,-75,3492.27,1650,1850,-75,-3883.09,1941,1850,-159.19,3566,482.05,1450
108Pagoda,16,Mortgage Payments,-726.97,-726.97,-726.97,-726.97,-726.97,-726.97,-726.97,-726.97,-726.97,-726.97,-726.97,-726.97,-726.97,-726.97,-726.97,-726.97,-726.97,-726.97,-726.97,-726.97,-726.97,-726.97,-726.97,-726.97,-726.97,-726.97,-726.97,-726.97,-726.97,-726.97
108Pagoda,18,Transfers,0,0,0,0,0,0,0,0,0,0,0,0,0,0,0,0,0,0,0,0,0,0,0,0,0,0,0,0,0,0
108Pagoda,19,Owner Draw,0,0,0,0,0,0,0,0,0,0,0,-6000,0,0,0,0,0,0,0,0,0,0,0,-4000,0,0,0,0,0,0
108Pagoda,21,CASHFLOW,4617.24,5565.27,6508.3,5031.16,7553.25,8255.25,6362.3,8911.27,7958.59,6896.88,10851.82,1490.6,470.63,2946.91,3994.94,5042.97,6091,7083.47,6281.5,9046.8,9969.83,11092.86,10290.89,1680.83,2894.86,4017.89,3131.73,5970.76,5725.84,6448.87
1117Brewer,1,Rent,3590,1795,1795,0,3590,0,0,5385,0,0,4015,3980,0,3773.25,0,1750,2286,2360,0,1335,0,0,1258.14,1782.5,1692.5,0,0,0,0,0
1117Brewer,3,REVENUE,3590,1795,1795,0,3590,0,0,5385,0,0,4015,3980,0,3773.25,0,1750,2286,2360,0,1335,0,0,1258.14,1782.5,1692.5,0,0,0,0,0
1117Brewer,4,Insurance,0,0,0,0,0,-1098,0,0,0,0,0,0,0,0,0,0,0,0,0,0,0,0,0,0,0,0,0,0,0,0
1117Brewer,5,Taxes,0,0,0,0,0,0,0,0,0,0,0,-4700.68,0,0,0,0,0,0,0,0,0,0,0,-4509.34,0,0,0,0,0,0
1117Brewer,6,Repair,0,-420,0,0,0,0,0,0,0,0,-420,0,0,0,0,0,0,0,0,0,0,0,0,0,0,0,0,0,0,0
1117Brewer,7,Management,-75,-75,-75,-75,-75,-75,-75,-75,-75,-75,-75,-75,-75,-75,-75,-75,-75,-75,-75,-75,-75,-75,-75,-75,-75,-75,-75,-75,-75,-75
1117Brewer,10,Professional Services,0,0,0,0,0,-1.38778E-17,0,0,-202.82,0,0,0,0,0,0,0,0,0,0,0,0,0,0,0,0,0,0,0,-35,0
1117Brewer,14,EXPENSES,-75,-495,-75,-75,-75,-1173,-75,-75,-277.82,-75,-495,-4775.68,-75,-75,-75,-75,-75,-75,-75,-75,-75,-75,-75,-4584.34,-75,-75,-75,-75,-110,-75
1117Brewer,15,NET INCOME,3515,1300,1720,-75,3515,-1173,-75,5310,-277.82,-75,3520,-795.68,-75,3698.25,-75,1675,2211,2285,-75,1260,-75,-75,1183.14,-2801.84,1617.5,-75,-75,-75,-110,-75
1117Brewer,16,Mortgage Payments,-711.48,-711.48,-711.48,-711.48,-711.48,-711.48,-1422.96,-711.48,0,-711.48,-711.48,-711.48,-711.48,-746.48,-702.73,-711.48,-711.48,-711.48,-711.48,-711.48,-711.48,-711.48,-711.48,-711.48,-711.48,-711.48,-711.48,-711.48,-711.48,-711.48
1117Brewer,18,Transfers,0,0,0,0,0,0,0,0,0,0,0,0,0,0,0,0,0,0,0,0,0,0,0,0,0,0,0,0,0,0
1117Brewer,19,Owner Draw,0,0,0,0,0,0,0,0,0,0,0,-10000,0,0,0,0,0,0,0,0,0,0,0,0,0,0,0,0,5000,0
1117Brewer,21,CASHFLOW,6322.14,6910.66,7919.18,7132.7,9936.22,8051.74,6553.78,11152.3,10874.48,10088,12896.52,1389.36,602.88,3554.65,2776.92,3740.44,5239.96,6813.48,6027,6575.52,5789.04,5002.56,5474.22,1960.9,2866.92,2080.44,1293.96,507.48,4686,3899.52
114Sidney,1,Rent,3961.8,1550,1550,0,3100,1550,0,3245,0,0,3390,3390,0,3303.25,1695,1504.16,1770,1695,0,3250,0,485,0,2754,0,0,0,2864.95,1810,1510
114Sidney,3,REVENUE,3961.8,1550,1550,0,3100,1550,0,3245,0,0,3390,3390,0,3303.25,1695,1504.16,1770,1695,0,3250,0,485,0,2754,0,0,0,2864.95,1810,1510
114Sidney,5,Taxes,0,0,0,0,0,0,0,0,0,0,0,-4643.71,0,0,0,0,0,0,0,0,0,0,0,-5037.95,0,0,0,0,0,0
114Sidney,6,Repair,-304.81,-308.16,-129.08,-129.08,-334.15,-129.08,-129.08,-129.08,-129.08,-129.08,-129.07,-129.07,-1366.33,0,-450,0,0,0,0,0,0,0,0,0,0,0,0,0,0,0
114Sidney,7,Management,-75,-75,-75,-75,-75,-75,-75,-75,-75,-75,-75,-75,-75,-75,-75,-75,-75,-75,-75,-75,-75,-75,-75,-75,-75,0,0,0,0,0
114Sidney,10,Professional Services,0,0,0,0,0,0,0,0,-28.3,0,0,0,-15,-15,0,0,0,0,0,0,0,0,0,0,0,0,0,0,0,0
114Sidney,14,EXPENSES,-379.81,-383.16,-204.08,-204.08,-409.15,-204.08,-204.08,-204.08,-232.38,-204.08,-204.07,-4847.78,-1456.33,-90,-525,-75,-75,-75,-75,-75,-75,-75,-75,-5112.95,-75,0,0,0,0,0
114Sidney,15,NET INCOME,3581.99,1166.84,1345.92,-204.08,2690.85,1345.92,-204.08,3040.92,-232.38,-204.08,3185.93,-1457.78,-1456.33,3213.25,1170,1429.16,1695,1620,-75,3175,-75,410,-75,-2358.95,-75,0,0,2864.95,1810,1510
114Sidney,16,Mortgage Payments,0,-675.63,-1351.26,0,-675.63,-2026.89,-675.63,-675.63,-675.63,-675.63,-675.63,-675.63,-675.63,-675.63,-675.63,-675.63,-675.63,-675.63,-675.63,-675.63,-675.63,-675.63,-675.63,-675.63,-675.63,-675.63,-675.63,-675.63,-675.63,-675.63
114Sidney,19,Owner Draw,0,0,0,0,0,0,0,0,0,0,0,-4000,0,0,0,0,0,0,0,0,0,0,0,0,0,0,0,0,0,0
114Sidney,21,CASHFLOW,5654.69,6145.9,6140.56,5936.48,7951.7,7270.73,6391.02,8756.31,7848.3,6968.59,9478.89,3345.48,1213.52,3751.14,4245.51,4999.04,6018.41,6962.78,6212.15,8711.52,7960.89,7695.26,6944.63,3910.05,3159.42,2483.79,1808.16,3997.48,5131.85,5966.22
116Meadow,1,Rent,1650,1650,1650,0,3200,1575,0,3400,0,0,3500,3155,0,3026.84,1750,1080,1750,1750,0,587,1850,150,1850,1541,2159,1850,0,3166,1850,99
116Meadow,3,REVENUE,1650,1650,1650,0,3200,1575,0,3400,0,0,3500,3155,0,3026.84,1750,1080,1750,1750,0,587,1850,150,1850,1541,2159,1850,0,3166,1850,99
116Meadow,4,Insurance,0,0,0,0,0,0,0,0,0,0,-1179,0,0,0,0,0,0,0,0,0,0,0,0,0,0,0,0,0,0,0
116Meadow,5,Taxes,0,0,0,0,0,0,0,0,0,0,0,-5750.35,0,0,0,0,0,0,0,0,0,0,0,-6077.19,0,0,0,0,0,0
116Meadow,6,Repair,0,0,0,-200,0,-145,0,0,0,0,0,0,0,0,0,0,0,0,0,0,0,0,0,0,0,0,0,0,0,0
116Meadow,7,Management,-75,-75,-75,-75,-75,-75,-75,-75,-75,-75,-75,-75,-75,-75,-75,-75,-75,-75,-75,-75,-75,-75,-75,-75,-75,-75,-75,-75,-75,-75
116Meadow,8,Utilities,0,0,0,0,0,0,0,0,0,0,0,0,0,-300,0,0,0,0,0,0,0,0,0,0,0,0,0,0,0,0
116Meadow,10,Professional Services,0,0,0,0,0,-103,0,0,-29.46,0,-1155,0,0,284.37,-294.37,0,0,0,0,0,0,0,0,0,0,0,0,0,0,0
116Meadow,14,EXPENSES,-75,-75,-75,-275,-75,-323,-75,-75,-104.46,-75,-2409,-5825.35,-75,-90.63,-369.37,-75,-75,-75,-75,-75,-75,-75,-75,-6152.19,-75,-75,-75,-75,-75,-75
116Meadow,15,NET INCOME,1575,1575,1575,-275,3125,1252,-75,3325,-104.46,-75,1091,-2670.35,-75,2936.21,1380.63,1005,1675,1675,-75,512,1775,75,1775,-4611.19,2084,1775,-75,3091,1775,24
116Meadow,16,Mortgage Payments,-456.02,-456.02,-456.02,-456.02,-456.02,-456.02,-456.02,-456.02,-456.02,-456.02,-456.02,-456.02,-456.02,-456.02,-456.02,-456.02,-456.02,-456.02,-456.02,-456.02,-456.02,-456.02,-456.02,-456.02,-456.02,-456.02,-456.02,-456.02,-456.02,-456.02
116Meadow,18,Transfers,-150,-150,-150,-150,-150,-150,-150,-150,-150,-150,-150,-150,-150,0,-150,-150,-150,-150,-150,-150,-150,-150,-150,-150,-150,-150,-150,-150,-150,-150
116Meadow,19,Owner Draw,0,0,0,0,0,0,0,0,0,0,0,-5000,0,0,0,0,0,0,0,0,0,0,0,0,0,0,0,0,0,0
116Meadow,21,CASHFLOW,4140.7,5109.68,6078.66,5197.64,7716.62,8362.6,7681.58,10400.56,9690.08,9009.06,9494.04,1217.67,536.65,3016.84,3791.45,4190.43,5259.41,6328.39,5647.37,5553.35,6722.33,6191.31,7360.29,2143.08,3621.06,4790.04,4109.02,6594,7762.98,7180.96
116MeadowSavings,2,Interest,0.01,0.01,0.02,0.02,0.02,0.01,0.03,0.02,0.02,0.03,0.16,0.41,0.43,0.39,0.45,0.45,0.49,0.49,0.52,0.55,0.54,0.58,0.58,0.59,0.05,0.02,0.02,0.02,0.02,0.02
116MeadowSavings,3,REVENUE,0.01,0.01,0.02,0.02,0.02,0.01,0.03,0.02,0.02,0.03,0.16,0.41,0.43,0.39,0.45,0.45,0.49,0.49,0.52,0.55,0.54,0.58,0.58,0.59,0.05,0.02,0.02,0.02,0.02,0.02
116MeadowSavings,14,EXPENSES,0,0,0,0,0,0,0,0,0,0,0,0,0,0,0,0,0,0,0,0,0,0,0,0,0,0,0,0,0,0
116MeadowSavings,15,NET INCOME,0.01,0.01,0.02,0.02,0.02,0.01,0.03,0.02,0.02,0.03,0.16,0.41,0.43,0.39,0.45,0.45,0.49,0.49,0.52,0.55,0.54,0.58,0.58,0.59,0.05,0.02,0.02,0.02,0.02,0.02
116MeadowSavings,18,Transfers,150,150,150,150,150,150,150,150,150,150,150,150,150,0,150,150,150,150,150,150,150,150,150,150,150,150,150,150,150,150
116MeadowSavings,19,Owner Draw,0,0,0,0,0,0,0,0,0,0,0,0,0,0,0,0,0,0,0,0,0,0,0,-3000,0,0,0,0,0,0
116MeadowSavings,21,CASHFLOW,1604.48,1754.49,1904.51,2054.53,2204.55,2354.56,2504.59,2654.61,2804.63,2954.66,3104.82,3255.23,3405.66,3406.05,3556.5,3706.95,3857.44,4007.93,4158.45,4309,4459.54,4610.12,4760.7,1911.29,2061.34,2211.36,2361.38,2511.4,2661.42,2811.44
1316Rosemon,1,Rent,3190,3190,3190,0,6180,0,0,8499.08,0,0,6685,7061.24,0,7155.46,5505,1649.2,5435,1795,0,4527.84,3676.73,3690.98,2479,3929,3929,3929,0,7633,3629,3878
1316Rosemon,3,REVENUE,3190,3190,3190,0,6180,0,0,8499.08,0,0,6685,7061.24,0,7155.46,5505,1649.2,5435,1795,0,4527.84,3676.73,3690.98,2479,3929,3929,3929,0,7633,3629,3878
1316Rosemon,4,Insurance,-183.43,-183.43,-183.43,-183.43,-183.43,-183.43,-298.17,-284.53,-284.53,-284.53,-284.53,-284.53,-284.53,-284.53,-284.53,-284.53,-284.53,-284.53,-373.61,-356.49,-356.49,-356.49,-356.49,-356.49,-356.49,-356.49,-356.49,-356.49,-356.49,-356.49
1316Rosemon,5,Taxes,0,0,0,0,0,0,0,0,0,0,0,-4392.3,0,0,0,0,0,0,0,0,0,0,0,-2604.4,-2335.94,0,0,0,0,0
1316Rosemon,6,Repair,0,-577.5,0,0,0,0,0,0,0,0,-60,0,0,0,0,0,0,0,0,0,0,0,0,0,0,0,0,0,0,0
1316Rosemon,7,Management,-150,-150,-150,-150,-150,-150,-150,-150,-150,-150,-150,-150,-150,-150,-150,-150,-150,-150,-150,-150,-150,-150,-150,-150,-150,-150,-150,-150,-150,-150
1316Rosemon,10,Professional Services,0,0,0,0,0,0,0,0,-113.58,0,-51,0,0,0,0,0,0,0,0,0,0,0,0,0,0,0,0,0,0,0
1316Rosemon,14,EXPENSES,-333.43,-910.93,-333.43,-333.43,-333.43,-333.43,-448.17,-434.53,-548.11,-434.53,-545.53,-4826.83,-434.53,-434.53,-434.53,-434.53,-434.53,-434.53,-523.61,-506.49,-506.49,-506.49,-506.49,-3110.89,-2842.43,-506.49,-506.49,-506.49,-506.49,-506.49
1316Rosemon,15,NET INCOME,2856.57,2279.07,2856.57,-333.43,5846.57,-333.43,-448.17,8064.55,-548.11,-434.53,6139.47,2234.41,-434.53,6720.93,5070.47,1214.67,5000.47,1360.47,-523.61,4021.35,3170.24,3184.49,1972.51,818.11,1086.57,3422.51,-506.49,7126.51,3122.51,3371.51
1316Rosemon,16,Mortgage Payments,-963.16,-963.16,-963.16,-963.16,-963.16,-963.16,-963.16,-963.16,-963.16,-963.16,-963.16,-963.16,-963.16,-963.16,-963.16,-963.16,-963.16,-963.16,-963.16,-963.16,-963.16,-963.16,-963.16,-963.16,-963.16,-963.16,-963.16,-963.16,-963.16,-963.16
1316Rosemon,17,Capex,0,0,0,0,0,0,-4500,0,0,0,0,0,0,0,0,0,0,0,0,0,0,0,0,0,0,0,0,0,0,0
1316Rosemon,19,Owner Draw,0,0,0,0,0,0,0,0,0,0,0,-20000,0,0,0,0,0,0,0,0,0,0,0,-20000,0,0,0,0,0,0
1316Rosemon,20,Security Deposit,0,0,0,0,0,-1395,0,0,0,0,0,1395,0,0,0,0,0,0,0,0,0,0,0,0,0,0,0,0,0,0
1316Rosemon,21,CASHFLOW,12039.13,13355.04,15248.45,13951.86,18835.27,16143.68,10232.35,17333.74,15822.47,14424.78,19601.09,2267.34,869.65,6627.42,10734.73,10986.24,15023.55,15420.86,13934.09,16992.28,19199.36,21420.69,22430.04,2284.99,2408.4,4867.75,3398.1,9561.45,11720.8,14129.15
1342Newton,1,Rent,0,1795,1795,3590,0,1795,1795,0,0,0,0,0,0,0,1512.33,0,0,0,0,3637.02,0,0,0,10772.62,0,0,0,7780,0,1593.5
1342Newton,3,REVENUE,0,1795,1795,3590,0,1795,1795,0,0,0,0,0,0,0,1512.33,0,0,0,0,3637.02,0,0,0,10772.62,0,0,0,7780,0,1593.5
1342Newton,5,Taxes,0,0,0,0,0,0,0,0,0,0,0,-8466.29,0,0,0,0,0,0,0,0,0,0,0,-7995.56,0,0,0,0,0,0
1342Newton,6,Repair,0,0,0,0,0,0,0,0,-150,0,0,0,0,0,0,0,0,0,0,0,0,0,0,0,0,0,0,0,0,0
1342Newton,7,Management,-75,-75,-75,-75,-75,-75,-75,-75,-75,-75,-75,-75,-75,-75,-75,-75,-75,-75,-75,-75,-75,-75,-75,-75,-75,-75,-75,-75,-75,-75
1342Newton,10,Professional Services,0,0,0,0,0,0,0,0,-223.44,-1155,0,0,0,0,0,0,0,0,0,0,0,0,0,0,0,0,0,0,0,0
1342Newton,14,EXPENSES,-75,-75,-75,-75,-75,-75,-75,-75,-448.44,-1230,-75,-8541.29,-75,-75,-75,-75,-75,-75,-75,-75,-75,-75,-75,-8070.56,-75,-75,-75,-75,-75,-75
1342Newton,15,NET INCOME,-75,1720,1720,3515,-75,1720,1720,-75,-448.44,-1230,-75,-8541.29,-75,-75,1437.33,-75,-75,-75,-75,3562.02,-75,-75,-75,2702.06,-75,-75,-75,7705,-75,1518.5
1342Newton,16,Mortgage Payments,-563.38,-563.38,-566.71,-566.71,-566.16,-566.16,-566.16,-566.16,-566.16,-566.16,-566.16,-566.16,-566.16,-566.16,-566.16,-566.14,-563.38,-563.38,-563.38,-563.38,-563.38,-563.38,-563.38,-563.38,-563.38,-563.38,-563.38,-563.38,-563.38,-563.38
1342Newton,18,Transfers,0,0,0,0,0,0,0,0,0,0,0,0,0,0,0,0,0,0,0,0,0,0,0,5000,0,0,0,0,0,0
1342Newton,19,Owner Draw,0,0,0,0,0,0,0,0,0,0,0,2000,0,0,0,0,0,1000,0,0,0,0,0,-6000,0,0,0,0,0,0
1342Newton,20,Security Deposit,0,0,0,0,0,0,0,0,0,0,0,3390,0,0,0,0,0,0,0,0,0,0,0,0,0,0,0,0,0,0
1342Newton,21,CASHFLOW,2901.37,4057.99,5211.28,8159.57,7518.41,8672.25,9826.09,9184.93,8170.33,6374.17,5733.01,2015.56,1374.4,733.24,1604.41,963.27,324.89,686.51,48.13,3046.77,2408.39,1770.01,1131.63,2270.31,1631.93,993.55,355.17,7496.79,6858.41,7813.53
1905Morning,1,Rent,2150,0,2265,0,4620,2195,0,6545,0,-1700,3560.91,0,0,0,0,0,0,0,0,0,0,0,0,0,0,0,0,0,0,0
1905Morning,3,REVENUE,2150,0,2265,0,4620,2195,0,6545,0,-1700,3560.91,0,0,0,0,0,0,0,0,0,0,0,0,0,0,0,0,0,0,0
1905Morning,4,Insurance,0,0,-102,0,0,-1445,0,0,0,0,0,0,0,0,0,0,0,0,0,0,0,0,0,0,0,0,0,0,0,0
1905Morning,6,Repair,0,0,0,0,0,0,0,0,0,0,0,-34.9,0,0,0,0,0,0,0,0,0,0,0,0,0,0,0,0,0,0
1905Morning,7,Management,-75,-75,-75,-75,-75,-75,-75,-75,-75,-75,-75,-75,-75,-75,-75,-75,-75,-75,-75,-75,825,0,0,0,0,0,0,0,0,0
1905Morning,10,Professional Services,0,0,0,0,0,-150,0,0,-10,-10,-531.83,0,0,0,0,0,0,0,0,0,0,0,0,0,0,0,0,0,0,0
1905Morning,12,HOA,0,0,0,-185,0,0,0,0,0,0,0,0,0,0,0,0,0,0,0,0,0,0,0,0,0,0,0,0,0,0
1905Morning,14,EXPENSES,-75,-75,-177,-260,-75,-1670,-75,-75,-85,-85,-606.83,-109.9,-75,-75,-75,-75,-75,-75,-75,-75,825,0,0,0,0,0,0,0,0,0
1905Morning,15,NET INCOME,2075,-75,2088,-260,4545,525,-75,6470,-85,-1785,2954.08,-109.9,-75,-75,-75,-75,-75,-75,-75,-75,825,0,0,0,0,0,0,0,0,0
1905Morning,16,Mortgage Payments,-831.31,-831.31,-831.31,-831.31,-831.31,-831.31,-831.31,-842.81,-842.81,0,0,0,0,0,0,0,0,0,0,0,0,0,0,0,0,0,0,0,0,0
1905Morning,17,Capex,0,0,0,0,0,0,0,0,103375.4,0,0,-103375.4,0,0,0,0,0,0,0,0,0,0,0,0,0,0,0,0,0,0
1905Morning,19,Owner Draw,0,0,0,0,0,0,0,0,0,0,0,-11000,0,0,0,0,0,0,0,0,0,0,0,0,0,0,0,0,0,0
1905Morning,20,Security Deposit,0,0,0,0,0,0,0,0,0,20,0,0,0,0,0,0,0,0,0,0,0,0,0,0,0,0,0,0,0,0
1905Morning,21,CASHFLOW,5202.03,4295.72,5552.41,4461.1,8174.79,7868.48,6962.17,12589.36,115036.95,113271.95,116226.03,1740.73,1665.73,1590.73,1515.73,1440.73,1365.73,1290.73,1215.73,1140.73,1965.73,0,0,0,0,0,0,0,0,0
2208Chase,1,Rent,0,0,0,0,0,0,0,0,0,0,0,0,0,0,0,0,0,0,99.2,41.14,0,0,0,0,0,0,0,0,0,0
2208Chase,2,Interest,0.07,0.07,0.07,0.07,0.07,0.08,0.07,0.07,0.07,0.07,0.47,0.93,0.83,0.76,0.84,0.81,0.84,0.81,0.85,0.85,0.83,0.85,0.83,0.81,0.04,0.02,0.01,0.02,0.01,0.02
2208Chase,3,REVENUE,0.07,0.07,0.07,0.07,0.07,0.08,0.07,0.07,0.07,0.07,0.47,0.93,0.83,0.76,0.84,0.81,0.84,0.81,100.05,41.99,0.83,0.85,0.83,0.81,0.04,0.02,0.01,0.02,0.01,0.02
2208Chase,14,EXPENSES,0,0,0,0,0,0,0,0,0,0,0,0,0,0,0,0,0,0,0,0,0,0,0,0,0,0,0,0,0,0
2208Chase,15,NET INCOME,0.07,0.07,0.07,0.07,0.07,0.08,0.07,0.07,0.07,0.07,0.47,0.93,0.83,0.76,0.84,0.81,0.84,0.81,100.05,41.99,0.83,0.85,0.83,0.81,0.04,0.02,0.01,0.02,0.01,0.02
2208Chase,19,Owner Draw,0,0,0,0,0,0,0,0,0,0,0,-2000,0,0,0,0,0,0,0,0,0,0,0,-5000,0,0,0,0,0,0
2208Chase,21,CASHFLOW,8571.05,8571.12,8571.19,8571.26,8571.33,8571.41,8571.48,8571.55,8571.62,8571.69,8572.16,6573.09,6573.92,6574.68,6575.52,6576.33,6577.17,6577.98,6678.03,6720.02,6720.85,6721.7,6722.53,1723.34,1723.38,1723.4,1723.41,1723.43,1723.44,1723.46
2224Heatherton,3,REVENUE,0,0,0,0,0,0,0,0,0,0,0,0,0,0,0,0,0,0,0,0,0,0,0,0,0,0,0,0,0,0
2224Heatherton,5,Taxes,0,0,-2622.65,0,0,0,0,0,0,0,0,-5118.68,0,0,0,0,0,0,0,0,0,0,0,0,0,0,0,0,0,0
2224Heatherton,6,Repair,0,0,0,0,0,0,0,-500,0,0,0,0,0,0,0,0,0,0,0,0,0,0,0,0,0,0,0,0,0,0
2224Heatherton,7,Management,0,0,-10725,-2219,-1810,-2175,-1117,-2787,-1767,-1782.5,-4960,-1101.75,-2287.75,-3103.5,-2436.25,-3105.25,-2138.5,-615.5,-1938,-900,0,0,0,0,0,0,0,0,0,0
2224Heatherton,8,Utilities,0,0,0,0,0,-55,0,0,0,0,0,0,0,0,0,0,0,0,0,0,0,0,0,0,0,0,0,0,0,0
2224Heatherton,14,EXPENSES,0,0,-13347.65,-2219,-1810,-2230,-1117,-3287,-1767,-1782.5,-4960,-6220.43,-2287.75,-3103.5,-2436.25,-3105.25,-2138.5,-615.5,-1938,-900,0,0,0,0,0,0,0,0,0,0
2224Heatherton,15,NET INCOME,0,0,-13347.65,-2219,-1810,-2230,-1117,-3287,-1767,-1782.5,-4960,-6220.43,-2287.75,-3103.5,-2436.25,-3105.25,-2138.5,-615.5,-1938,-900,0,0,0,0,0,0,0,0,0,0
2224Heatherton,17,Capex,0,0,0,0,0,0,0,0,0,0,0,0,-8275,0,0,0,0,0,0,0,0,0,0,0,0,0,0,0,0,0
2224Heatherton,20,Security Deposit,0,0,-896.1,0,0,0,0,0,0,0,0,0,0,0,0,0,0,0,0,0,0,0,0,0,0,0,0,0,0,0
2224Heatherton,21,CASHFLOW,72015.91,72015.91,57772.16,55553.16,53743.16,51513.16,50396.16,47109.16,45342.16,43559.66,38599.66,32379.23,21816.48,18712.98,16276.73,13171.48,11032.98,10417.48,8479.48,7579.48,0,0,0,0,0,0,0,0,0,0
2417Garden,1,Rent,3900,4579.67,4137.5,0,8750,3727.54,0,6089.53,0,0,4611.9,8503.56,500,1988.27,-116.25,2845,3583.98,3451.54,0,5664.14,1570,1255.68,5710.06,2596.09,3150,624,0,5900,2950,2500
2417Garden,2,Interest,0.02,0.05,0.05,0.06,0.06,0.07,0.04,0.08,0.08,0.07,0.53,1.47,0.3,0.28,0.17,0.22,0.15,0.26,0.36,0.68,0.88,0.9,1,1.35,0.04,0.01,0,0.03,0.06,0.06
2417Garden,3,REVENUE,3900.02,4579.72,4137.55,0.06,8750.06,3727.61,0.04,6089.61,0.08,0.07,4612.43,8505.03,500.3,1988.55,-116.08,2845.22,3584.13,3451.8,0.36,5664.82,1570.88,1256.58,5711.06,2597.44,3150.04,624.01,0,5900.03,2950.06,2500.06
2417Garden,4,Insurance,0,-1476,0,0,0,0,0,0,0,0,0,0,0,0,0,0,0,0,0,0,0,0,0,0,0,0,0,0,0,0
2417Garden,5,Taxes,0,0,0,0,0,0,0,0,0,0,0,0,0,0,0,0,0,0,0,0,0,0,0,-2472.88,0,-2399.15,0,0,0,0
2417Garden,6,Repair,-380,-196.31,-75,-225,-1125.29,-1395.24,0,0,0,-734.93,-951.31,-69.05,0,-250,-85.99,-85,-4247.21,-82.21,-14.77,-82.21,-82.21,-103.25,-107.32,-88.67,-81.35,-3.12,0,0,0,0
2417Garden,7,Management,0,0,-1840,0,-621,0,0,0,0,0,0,-3477,0,0,0,0,0,0,0,0,0,0,0,-4000,0,0,0,0,0,0
2417Garden,8,Utilities,0,-756.43,0,0,-121.88,-66.02,0,0,0,-551.66,-2221.91,-325.07,-114.06,-576.19,-322.41,-187.14,-315.94,-252.21,-264.41,-259.61,-255.94,-283.92,-240.21,-120.33,0,0,0,0,0,0
2417Garden,9,Cleaning,0,-75,0,0,0,0,0,0,0,0,0,0,0,0,0,0,0,0,0,0,0,0,0,0,0,0,0,0,0,0
2417Garden,10,Professional Services,0,0,0,0,0,0,0,0,-44.88,0,-35,0,0,0,0,-5,0,0,0,0,0,0,0,0,0,0,-5,0,0,0
2417Garden,11,Travel,0,0,0,0,0,0,0,0,0,0,-14.06,0,0,0,0,0,0,0,0,0,0,0,0,0,0,0,0,0,0,0
2417Garden,14,EXPENSES,-380,-2503.74,-1915,-225,-1868.17,-1461.26,0,0,-44.88,-1286.59,-3222.28,-3871.12,-114.06,-826.19,-408.4,-277.14,-4563.15,-334.42,-279.18,-341.82,-338.15,-387.17,-347.53,-6681.88,-81.35,-2402.27,-5,0,0,0
2417Garden,15,NET INCOME,3520.02,2075.98,2222.55,-224.94,6881.89,2266.35,0.04,6089.61,-44.8,-1286.52,1390.15,4633.91,386.24,1162.36,-524.48,2568.08,-979.02,3117.38,-278.82,5323,1232.73,869.41,5363.53,-4084.44,3068.69,-1778.26,-5,5900.03,2950.06,2500.06
2417Garden,16,Mortgage Payments,-947.72,-947.72,-947.72,-947.72,-947.72,-947.72,-947.72,-947.72,-947.72,-947.72,-947.72,-947.72,-947.72,-947.72,-947.72,-947.72,-947.72,-947.72,-947.72,-947.72,-947.72,-947.72,-947.72,-947.72,-947.72,-947.72,-947.72,-947.72,-947.72,-947.72
2417Garden,17,Capex,0,0,0,-3000,0,-4434.14,0,0,0,0,0,0,0,0,0,0,0,0,0,0,0,0,0,0,0,0,0,0,0,0
2417Garden,19,Owner Draw,0,0,0,0,0,0,0,0,0,0,0,-9000,0,0,0,0,0,1000,0,0,0,0,0,-5000,0,0,0,0,0,0
2417Garden,20,Security Deposit,0,0,0,0,0,0,0,232.71,0,0,0,0,0,0,0,0,0,0,0,0,0,0,0,0,0,0,0,0,0,0
2417Garden,21,CASHFLOW,5504.3,6632.56,7907.39,3734.73,9668.9,6553.39,5605.71,10980.31,9987.79,7753.55,8195.98,2882.17,2320.69,2535.33,1063.13,2683.49,756.75,3926.41,2699.87,7075.15,7360.16,7281.85,11697.66,1665.5,3786.47,1060.49,107.77,5060.08,7062.42,8614.76
4909Jamesway,1,Rent,10047.34,4757.22,2745,1404.85,8144.37,15296.36,964.11,5269.47,3109.04,1860.24,7712.94,3999.53,3339.64,3928.26,5204.26,7679.29,5188.47,3225.69,2277.15,8328.46,6138.64,6954.5,4713.1,1936.79,2035.29,2907.2,0,8091.94,9043.76,1190.06
4909Jamesway,3,REVENUE,10047.34,4757.22,2745,1404.85,8144.37,15296.36,964.11,5269.47,3109.04,1860.24,7712.94,3999.53,3339.64,3928.26,5204.26,7679.29,5188.47,3225.69,2277.15,8328.46,6138.64,6954.5,4713.1,1936.79,2035.29,2907.2,0,8091.94,9043.76,1190.06
4909Jamesway,5,Taxes,0,0,0,0,0,0,0,0,0,0,0,-8000,0,0,0,0,0,0,0,0,0,0,0,0,0,0,0,0,0,0
4909Jamesway,6,Repair,-90,-270.88,0,0,-3669.39,-603.2,-150,-650,-637.94,0,-484.88,-74.28,-250,-260,-2060,-7100,-180,-570,-180,-160,-120,0,0,0,-300,0,0,0,0,0
4909Jamesway,7,Management,0,0,-3468,0,-211,0,0,0,-3000,0,0,-6633,0,0,0,0,0,0,0,0,0,0,0,0,0,0,0,0,0,0
4909Jamesway,8,Utilities,0,-1136.7,0,0,-2002.34,-60.64,0,0,0,0,-222.57,-460.96,-1066.43,-979.04,-923.16,-732.11,-670.53,-528.51,-722.33,-789.84,-858.49,-853,-751.11,-684.76,-711.76,-976.74,-928.37,-496.55,-512.06,-665.83
4909Jamesway,9,Cleaning,0,-150,-240,0,-160,-160,-80,-167.49,0,0,0,0,0,0,-400,0,-100,0,-240,-160,0,-97.86,0,0,0,0,0,0,0,0
4909Jamesway,10,Professional Services,0,-105,0,0,0,0,0,0,0,0,0,-517.5,0,0,0,0,0,0,-41.55,0,0,0,0,0,0,0,0,0,0,0
4909Jamesway,14,EXPENSES,-90,-1662.58,-3708,0,-6042.73,-823.84,-230,-817.49,-3637.94,0,-707.45,-15685.74,-1316.43,-1239.04,-3383.16,-7832.11,-950.53,-1098.51,-1183.88,-1109.84,-978.49,-950.86,-751.11,-684.76,-1011.76,-976.74,-928.37,-496.55,-512.06,-665.83
4909Jamesway,15,NET INCOME,9957.34,3094.64,-963,1404.85,2101.64,14472.52,734.11,4451.98,-528.9,1860.24,7005.49,-11686.21,2023.21,2689.22,1821.1,-152.82,4237.94,2127.18,1093.27,7218.62,5160.15,6003.64,3961.99,1252.03,1023.53,1930.46,-928.37,7595.39,8531.7,524.23
4909Jamesway,16,Mortgage Payments,-1118.25,-1118.25,-1118.25,-1118.25,-1118.25,-1118.25,-1118.25,-1118.25,-1118.25,-1118.25,-1118.25,-1118.25,-1118.25,-1118.25,-1118.25,-1118.25,-1118.25,-1118.25,-1118.25,-1118.25,-1118.25,-1118.25,-1118.25,-1118.25,-1118.25,-1118.25,-1118.25,-1118.25,-1118.25,-1118.25
4909Jamesway,17,Capex,0,0,0,0,0,0,0,0,0,0,0,0,0,0,0,0,0,0,0,0,0,0,0,-13000,0,0,0,0,0,0
4909Jamesway,19,Owner Draw,0,0,0,0,0,0,0,0,0,0,0,-20000,0,0,0,0,0,0,0,0,0,0,0,0,0,0,0,0,0,0
4909Jamesway,20,Security Deposit,0,0,0,0,0,0,0,0,1200,0,0,0,0,0,0,0,0,0,0,0,0,0,0,-10000,0,0,0,0,0,0
4909Jamesway,21,CASHFLOW,13570.36,15546.75,13465.5,13752.1,14735.49,28089.76,27705.62,31039.35,30592.2,31334.19,37221.43,4416.97,5321.93,6892.9,7595.75,6324.68,9444.37,10453.3,10428.32,16528.69,20570.59,25455.98,28299.72,5433.5,5338.78,6150.99,4104.37,10581.51,17994.96,17400.94
4920Brianhill,1,Rent,4000,3526.07,3048.5,0,0,12919.6,0,5529.9,0,0,8091.5,8182.45,4780.68,8718.25,4839.5,3791,7741.22,4844.09,0,7009.35,3439.93,764.33,0,3467.72,1873.04,2398.14,0,3745.58,744.23,0
4920Brianhill,3,REVENUE,4000,3526.07,3048.5,0,0,12919.6,0,5529.9,0,0,8091.5,8182.45,4780.68,8718.25,4839.5,3791,7741.22,4844.09,0,7009.35,3439.93,764.33,0,3467.72,1873.04,2398.14,0,3745.58,744.23,0
4920Brianhill,4,Insurance,0,0,0,0,0,0,0,0,0,0,-2964,0,0,0,0,0,0,0,0,0,0,0,0,0,0,0,0,0,0,0
4920Brianhill,5,Taxes,0,0,0,0,0,0,0,0,0,0,0,-8808.31,0,0,0,0,0,0,0,0,0,0,0,-11623.43,0,0,0,0,0,0
4920Brianhill,6,Repair,0,0,-136,-236,-440,-390,-2300,-2340,0,0,0,0,0,-660,-60,-60,-120,-60,-180,-60,-2915,-350,0,0,0,0,0,0,0,0
4920Brianhill,8,Utilities,0,0,0,0,-115.75,0,0,0,0,0,0,-254.7,-270.23,-259.63,-278.95,-247.91,-258.03,-265.45,-266.8,-295.83,-262.08,-106.8,-114.26,0,0,0,0,0,0,0
4920Brianhill,9,Cleaning,0,0,-100,0,0,-100,0,0,0,0,0,0,0,0,0,0,0,0,0,0,-150,0,0,0,0,0,0,0,0,0
4920Brianhill,10,Professional Services,0,0,0,0,0,0,-132.73,0,0,0,-1090.99,0,0,0,0,0,0,0,0,0,0,0,0,0,0,0,0,0,0,0
4920Brianhill,14,EXPENSES,0,0,-236,-236,-555.75,-490,-2432.73,-2340,0,0,-4054.99,-9063.01,-270.23,-919.63,-338.95,-307.91,-378.03,-325.45,-446.8,-355.83,-3327.08,-456.8,-114.26,-11623.43,0,0,0,0,0,0
4920Brianhill,15,NET INCOME,4000,3526.07,2812.5,-236,-555.75,12429.6,-2432.73,3189.9,0,0,4036.51,-880.56,4510.45,7798.62,4500.55,3483.09,7363.19,4518.64,-446.8,6653.52,112.85,307.53,-114.26,-8155.71,1873.04,2398.14,0,3745.58,744.23,0
4920Brianhill,16,Mortgage Payments,-1383.06,-1383.06,-1383.06,-1383.06,-1383.06,-1383.06,-1383.06,-1383.06,-1383.06,-1383.06,-1383.06,-1383.06,-1383.06,-1383.06,-1383.06,-1383.06,-1383.06,-1383.06,-1383.06,-1383.06,-1383.06,-1383.06,-1383.06,-1383.06,-1383.06,-1383.06,-1383.06,-1383.06,-1383.06,-1383.06
4920Brianhill,19,Owner Draw,0,0,0,0,0,0,0,0,0,0,0,-7000,0,0,0,0,0,0,0,0,0,0,0,0,0,0,0,0,0,0
4920Brianhill,20,Security Deposit,0,0,0,0,0,0,0,0,0,0,0,1500,0,0,0,0,0,0,0,0,0,0,0,-16000,0,0,0,0,0,0
4920Brianhill,21,CASHFLOW,7030.86,9173.87,10603.31,8984.25,7045.44,18091.98,14276.19,16083.03,14699.97,13316.91,15970.36,8206.74,11334.13,17749.69,20867.18,22967.21,28947.34,32082.92,30253.06,35523.52,34253.31,33177.78,31680.46,6141.69,6631.67,7646.75,6263.69,8626.21,7987.38,6604.32
6401Basswood,1,Rent,6089.96,9225.22,12964.2,3201.52,7367.36,7003.94,3200,6659.35,2970.44,4489.19,3864,4227.98,8723.68,4456.25,8256.67,5848.7,9327.32,8187,0,8180.16,5930.26,4957.22,8246.5,-2318.18,5109.52,1754.75,475,6190.52,1450.46,3140.56
6401Basswood,3,REVENUE,6089.96,9225.22,12964.2,3201.52,7367.36,7003.94,3200,6659.35,2970.44,4489.19,3864,4227.98,8723.68,4456.25,8256.67,5848.7,9327.32,8187,0,8180.16,5930.26,4957.22,8246.5,-2318.18,5109.52,1754.75,475,6190.52,1450.46,3140.56
6401Basswood,4,Insurance,0,-319,0,0,-764.08,-222.5,0,0,0,0,-890,0,0,0,-290.58,-290.58,-290.58,-290.58,-1403.08,-290.58,-290.58,-290.58,-290.58,-290.58,-290.58,-290.62,0,0,0,0
6401Basswood,5,Taxes,0,0,0,0,0,0,0,0,0,0,0,-8852.35,0,0,0,0,0,0,0,0,0,0,0,0,-11706.53,0,0,0,0,0
6401Basswood,6,Repair,-60,-382.22,-45,-40,-6262.82,-1162.53,-550,-365,-223.7,0,-45,-48.56,-410,-6235,-360,-525,-120,-1310,-180,-160,-120,0,0,-2040,0,0,-3981,0,0,0
6401Basswood,7,Management,0,0,-3795,0,-2425,0,0,0,-3000,0,0,-4853,0,0,0,0,0,0,0,0,0,0,0,0,0,-726.51,0,0,0,0
6401Basswood,8,Utilities,0,-1085.26,0,0,-3147.76,-80.64,0,0,0,0,-387.76,-551.84,-952.47,-1086.02,-942.78,-654.89,-546.35,-475.65,-769.64,-520.33,-522.36,-536.72,-397.94,-336.65,-229.08,-289.32,-81.81,-20.46,-67.55,-271.18
6401Basswood,9,Cleaning,0,-150,-160,0,-160,-240,-240,0,0,0,0,0,0,0,-380,0,0,0,-80,0,0,0,0,0,-200,0,0,0,0,0
6401Basswood,10,Professional Services,0,-50,0,0,-55,0,0,0,0,0,-1107.89,-458.3,0,0,0,0,0,0,0,0,0,0,0,0,-90.48,-2.76,-57.81,-46.18,0,0
6401Basswood,11,Travel,0,0,0,0,-92.27,0,0,0,0,0,0,0,0,0,0,0,0,0,0,0,0,0,0,0,0,0,0,0,0,0
6401Basswood,14,EXPENSES,-60,-1986.48,-4000,-40,-12906.93,-1705.67,-790,-365,-3223.7,0,-2430.65,-14764.05,-1362.47,-7321.02,-1973.36,-1470.47,-956.93,-2076.23,-2432.72,-970.91,-932.94,-827.3,-688.52,-2667.23,-12516.67,-1309.21,-4120.62,-66.64,-67.55,-271.18
6401Basswood,15,NET INCOME,6029.96,7238.74,8964.2,3161.52,-5539.57,5298.27,2410,6294.35,-253.26,4489.19,1433.35,-10536.07,7361.21,-2864.77,6283.31,4378.23,8370.39,6110.77,-2432.72,7209.25,4997.32,4129.92,7557.98,-4985.41,-7407.15,445.54,-3645.62,6123.88,1382.91,2869.38
6401Basswood,16,Mortgage Payments,-1383.06,-1383.06,-1383.06,-1383.06,-1383.06,-1383.06,-1383.06,-1383.06,-1383.06,-1383.06,-1383.06,-1383.06,-1383.06,-1383.06,-1383.06,-1383.06,-1383.06,-1383.06,-1383.06,-1383.06,-1383.06,-1383.06,-1383.06,-1383.06,-1383.06,-1383.06,-1383.06,-1383.06,-1383.06,-1383.06
6401Basswood,17,Capex,0,0,0,0,0,0,0,0,0,0,0,0,0,-7200,0,0,0,0,0,0,0,0,0,0,0,0,0,0,0,0
6401Basswood,18,Transfers,0,0,0,0,0,0,0,0,0,0,0,0,0,0,0,0,0,0,0,0,0,0,0,-5000,0,0,0,0,0,0
6401Basswood,19,Owner Draw,2000,0,0,0,0,0,0,0,0,0,0,-10000,0,10000,0,0,0,0,0,0,0,0,0,-25000,12000,0,0,0,0,0
6401Basswood,20,Security Deposit,0,0,0,0,0,2500,-2500,0,0,0,0,0,-1935,0,0,0,0,-1500,0,0,0,0,0,0,0,0,0,0,0,0
6401Basswood,21,CASHFLOW,6749.95,12605.63,20186.77,21965.23,15042.6,21457.81,19984.75,24896.04,23259.72,26365.85,26416.14,4497.01,8540.16,7092.33,11992.58,14987.75,21975.08,25202.79,21387.01,27213.2,30827.46,33574.32,39749.24,3380.77,6590.56,5653.04,624.36,5365.18,5365.03,6851.35
711Parks,1,Rent,0,0,0,0,1795,3940,0,3900,0,0,3800,1496.16,0,4157.6,1790,0,1855.17,2310,0,4118.35,2100,1950,2190,2010,84,155,0,2125,0,0
711Parks,3,REVENUE,0,0,0,0,1795,3940,0,3900,0,0,3800,1496.16,0,4157.6,1790,0,1855.17,2310,0,4118.35,2100,1950,2190,2010,84,155,0,2125,0,0
711Parks,5,Taxes,0,0,0,0,0,0,0,0,0,0,0,-6780.57,0,0,0,0,0,0,0,0,0,0,0,-5988.16,0,0,0,0,0,0
711Parks,6,Repair,0,0,0,0,1787,0,0,0,0,0,0,0,0,0,0,0,0,0,0,-206.45,0,0,0,0,0,0,0,0,0,0
711Parks,7,Management,-75,-75,-75,-75,-75,-75,-75,-75,-75,-75,-75,-75,-75,-75,-75,-75,-75,-75,-75,-75,-75,-75,-75,-75,-75,-75,-75,-75,-75,-75
711Parks,8,Utilities,0,0,0,0,0,0,0,0,0,0,0,0,0,0,0,0,-2.77,0,0,0,0,0,0,0,0,0,0,0,0,0
711Parks,10,Professional Services,0,0,0,0,0,0,0,0,-173.33,-1155,0,0,0,3.81639E-17,0,0,0,0,0,0,0,0,0,0,0,0,0,0,0,-35
711Parks,14,EXPENSES,-75,-75,-75,-75,1712,-75,-75,-75,-248.33,-1230,-75,-6855.57,-75,-75,-75,-75,-77.77,-75,-75,-281.45,-75,-75,-75,-6063.16,-75,-75,-75,-75,-75,-110
711Parks,15,NET INCOME,-75,-75,-75,-75,3507,3865,-75,3825,-248.33,-1230,3725,-5359.41,-75,4082.6,1715,-75,1777.4,2235,-75,3836.9,2025,1875,2115,-4053.16,9,80,-75,2050,-75,-110
711Parks,16,Mortgage Payments,-733.95,-733.95,-733.95,-733.95,-733.95,-733.95,-1467.9,-733.95,0,-733.95,-733.95,-733.95,-733.95,-768.95,-733.95,-733.95,-733.95,-733.95,-733.95,-733.95,-733.95,-733.95,-733.95,-733.95,-733.95,-733.95,-733.95,-733.95,-733.95,-733.95
711Parks,19,Owner Draw,0,0,0,0,0,0,0,0,0,0,0,-4000,0,0,0,0,0,0,0,0,0,0,0,-4500,0,0,0,0,0,2500
711Parks,20,Security Deposit,0,0,0,0,0,0,0,0,0,0,0,0,0,0,0,0,0,0,0,-720,0,0,0,0,0,0,0,0,0,0
711Parks,21,CASHFLOW,5419.46,4610.51,3801.56,2992.61,5765.66,8896.71,7353.81,10444.86,10196.53,8232.58,11223.63,1130.27,321.32,3634.97,4616.02,3807.07,4850.52,6351.57,5542.62,7925.57,9216.62,10357.67,11738.72,2451.61,1726.66,1072.71,263.76,1579.81,770.86,2426.91
7417Canoga,1,Rent,3311.85,2752.32,1843.77,3072.52,1023.98,0,3093,2938.31,3200,3200,3200,6400,0,0,0,0,905.19,0,0,0,0,0,0,0,0,0,0,0,0,0
7417Canoga,3,REVENUE,3311.85,2752.32,1843.77,3072.52,1023.98,0,3093,2938.31,3200,3200,3200,6400,0,0,0,0,905.19,0,0,0,0,0,0,0,0,0,0,0,0,0
7417Canoga,4,Insurance,0,0,0,0,0,0,0,0,0,0,-1420,0,0,0,0,0,0,0,0,0,0,0,0,0,0,0,0,0,0,0
7417Canoga,5,Taxes,0,0,0,0,0,0,0,0,0,0,0,-4326.8,0,0,0,0,0,0,0,0,0,0,0,0,0,0,0,0,0,0
7417Canoga,6,Repair,-90,-1496.62,0,-40,-340,-286.96,-270,-40,0,0,0,-87.52,-60,3140,-1200,-7050,0,0,0,0,0,0,0,0,0,0,0,0,0,0
7417Canoga,7,Management,0,0,-1378,0,-738,0,0,0,0,0,0,-2538,0,0,0,0,0,0,0,0,0,0,0,0,-5000,0,0,0,0,0
7417Canoga,8,Utilities,-230.19,-438.25,-386.52,-395.65,-728.09,-353.41,0,0,0,0,-2167.37,-64.49,-342.95,-72.78,-494.21,-47.69,-91.13,0,-626.46,0,0,0,0,0,0,0,0,0,0,0
7417Canoga,9,Cleaning,0,-300,-400,0,-720,0,-80,0,0,0,0,0,0,0,0,0,0,0,0,0,0,0,0,0,0,0,0,0,0,0
7417Canoga,10,Professional Services,0,-25,-34,0,0,0,0,0,-219.62,0,-43.26,0,0,-30,0,0,0,0,0,0,0,0,0,0,0,0,0,0,0,0
7417Canoga,14,EXPENSES,-320.19,-2259.87,-2198.52,-435.65,-2526.09,-640.37,-350,-40,-219.62,0,-3630.63,-7016.81,-402.95,3037.22,-1694.21,-7097.69,-91.13,0,-626.46,0,0,0,0,0,-5000,0,0,0,0,0
7417Canoga,15,NET INCOME,2991.66,492.45,-354.75,2636.87,-1502.11,-640.37,2743,2898.31,2980.38,3200,-430.63,-616.81,-402.95,3037.22,-1694.21,-7097.69,814.06,0,-626.46,0,0,0,0,0,-5000,0,0,0,0,0
7417Canoga,16,Mortgage Payments,0,-625,-625,-625,-625,-625,-625,-625,-625,-625,-625,-625,-625,-625,-625,-625,0,0,0,0,0,0,0,0,0,0,0,0,0,0
7417Canoga,17,Capex,0,0,0,0,-3000,0,0,0,0,0,0,0,0,0,0,2609.11,3994.86,0,0,0,0,53196.32,0,0,0,0,0,0,0,0
7417Canoga,18,Transfers,0,0,0,0,0,0,0,0,0,0,0,0,0,0,0,0,0,0,0,0,0,0,0,0,0,0,0,0,0,-500
7417Canoga,19,Owner Draw,0,0,0,0,0,0,0,0,0,0,0,-6000,0,0,0,5000,0,0,0,0,0,0,0,-50000,0,0,0,0,0,0
7417Canoga,20,Security Deposit,0,0,0,0,0,0,2500,0,0,0,0,-2500,0,0,0,0,0,0,0,0,0,0,0,0,0,0,0,0,0,0
7417Canoga,21,CASHFLOW,7266.14,7133.59,6153.84,8165.71,3038.6,1773.23,6391.23,8664.54,11019.92,13594.92,12539.29,2797.48,1769.53,4181.75,1862.54,1748.96,6557.88,6557.88,5931.42,5931.42,5931.42,59127.74,59127.74,9127.74,4127.74,4127.74,4127.74,4127.74,4127.74,3627.74
8604Wagon,1,Rent,1850,1850,1900,0,3550,1850,0,3900,0,0,3750,3650,0,3813.25,1828,1800,2025,1950,0,3899.44,1852.01,2100,2100,2100,2100,2100,0,4050,2100,1834.75
8604Wagon,3,REVENUE,1850,1850,1900,0,3550,1850,0,3900,0,0,3750,3650,0,3813.25,1828,1800,2025,1950,0,3899.44,1852.01,2100,2100,2100,2100,2100,0,4050,2100,1834.75
8604Wagon,4,Insurance,0,0,0,0,0,0,0,0,0,0,0,-1158,0,0,0,0,0,0,0,0,0,0,0,0,0,0,0,0,0,0
8604Wagon,5,Taxes,0,0,0,0,0,0,0,0,0,0,0,-5963.06,0,0,0,0,0,0,0,0,0,0,0,-5939.68,0,0,0,0,0,0
8604Wagon,6,Repair,0,0,0,0,0,-1155,0,0,0,0,0,0,0,0,0,0,0,-120,0,0,0,0,0,0,0,0,0,0,0,0
8604Wagon,7,Management,-75,-75,-75,-75,-75,-75,-75,-75,-75,-75,-75,-75,-75,-75,-75,-75,-75,-75,-75,-75,-75,-75,-75,-75,-75,0,0,0,0,0
8604Wagon,10,Professional Services,0,0,0,-1.99,0,0,0,0,-57.59,0,0,-1.99,-15,-16.99,0,0,0,0,0,0,0,0,0,0,0,0,0,0,0,0
8604Wagon,12,HOA,0,0,0,-250,0,0,0,0,0,0,0,-163.3,0,-56,0,0,0,0,0,0,0,0,0,0,0,0,0,0,0,0
8604Wagon,14,EXPENSES,-75,-75,-75,-326.99,-75,-1230,-75,-75,-132.59,-75,-75,-7361.35,-90,-147.99,-75,-75,-75,-195,-75,-75,-75,-75,-75,-6014.68,-75,0,0,0,0,0
8604Wagon,15,NET INCOME,1775,1775,1825,-326.99,3475,620,-75,3825,-132.59,-75,3675,-3711.35,-90,3665.26,1753,1725,1950,1755,-75,3824.44,1777.01,2025,2025,-3914.68,2025,2100,0,4050,2100,1834.75
8604Wagon,16,Mortgage Payments,-843.79,-843.79,-843.79,-843.79,-843.79,-843.79,-843.79,-843.79,-843.79,-843.79,-843.79,-843.79,-843.79,-843.79,-843.79,-843.79,-843.79,-843.79,-843.79,-843.79,-843.79,-843.79,-843.79,-843.79,-843.79,-843.79,-843.79,-843.79,-843.79,-843.79
8604Wagon,19,Owner Draw,0,0,0,0,0,0,0,0,0,0,0,-3000,0,0,0,0,0,0,0,0,0,0,0,0,0,0,0,0,0,0
8604Wagon,20,Security Deposit,0,0,0,0,0,0,0,0,0,0,0,0,0,0,0,0,0,0,0,0,0,0,0,-6000,0,0,0,0,0,0
8604Wagon,21,CASHFLOW,3630.55,4561.76,5542.97,4372.19,7003.4,6779.61,5860.82,8842.03,7865.65,6946.86,9778.07,2222.93,1289.14,4110.61,5019.82,5901.03,7007.24,7918.45,6999.66,9980.31,10913.53,12094.74,13275.95,2517.48,3698.69,4954.9,4111.11,7317.32,8573.53,9564.49
874Wintergreen,1,Rent,1695,1695,1695,1695,0,3390,0,3390,0,0,3600,1850,0,3989.25,1850,1850,1850,1850,0,3600,1900,1000,0,0,0,0,0,0,0,1545.21
874Wintergreen,3,REVENUE,1695,1695,1695,1695,0,3390,0,3390,0,0,3600,1850,0,3989.25,1850,1850,1850,1850,0,3600,1900,1000,0,0,0,0,0,0,0,1545.21
874Wintergreen,4,Insurance,0,-1139,0,0,0,0,0,0,0,0,0,0,0,0,0,0,0,0,0,0,0,0,0,0,0,0,0,0,0,0
874Wintergreen,5,Taxes,0,0,0,0,0,0,0,0,0,0,0,-5018.81,0,0,0,0,0,0,0,0,0,0,0,-4566.83,0,0,0,0,0,0
874Wintergreen,6,Repair,0,-45,-400,0,-674.53,0,0,0,0,0,-65.94,0,0,0,0,0,0,0,0,0,0,0,0,0,0,0,0,0,0,0
874Wintergreen,7,Management,-75,-75,-75,-75,-75,-75,-75,-75,-75,-75,-75,-75,-75,-75,-75,-75,-75,-75,-75,-75,-75,-75,-75,-75,-75,-75,-75,-75,-75,-75
874Wintergreen,10,Professional Services,0,0,0,0,0,0,0,0,-55.52,-1155,0,0,0,-5.55112E-17,0,0,0,0,0,0,0,0,0,0,0,82.92,0,0,0,0
874Wintergreen,14,EXPENSES,-75,-1259,-475,-75,-749.53,-75,-75,-75,-130.52,-1230,-140.94,-5093.81,-75,-75,-75,-75,-75,-75,-75,-75,-75,-75,-75,-4641.83,-75,7.92,-75,-75,-75,-75
874Wintergreen,15,NET INCOME,1620,436,1220,1620,-749.53,3315,-75,3315,-130.52,-1230,3459.06,-3243.81,-75,3914.25,1775,1775,1775,1775,-75,3525,1825,925,-75,-4641.83,-75,7.92,-75,-75,-75,1470.21
874Wintergreen,16,Mortgage Payments,-694.01,-694.01,-694.01,-694.01,-694.01,-694.01,-694.01,-694.01,-694.01,-694.01,-694.01,-694.01,-694.01,-694.01,-694.01,-694.01,-694.01,-694.01,-694.01,-694.01,-694.01,-694.01,-694.01,-694.01,-694.01,-694.01,-694.01,-694.01,-694.01,-694.01
874Wintergreen,19,Owner Draw,0,0,0,0,0,0,0,0,0,0,0,-3000,0,0,0,0,0,0,0,0,0,0,0,-4000,0,11000,0,0,0,0
874Wintergreen,21,CASHFLOW,4058.71,3800.7,4326.69,5252.68,3809.14,6430.13,5661.12,8282.11,7457.58,5533.57,8298.62,1360.8,591.79,3812.03,4893.02,5974.01,7055,8135.99,7366.98,10197.97,11328.96,11559.95,10790.94,1455.1,686.09,11000,10230.99,9461.98,8692.97,9469.17
Common,1,Rent,0,0,0,0,0,0,0,0,0,0,0,0,0,0,0,0,0,0,0,0,0,0,0,0,0,0,0,0,0,0
Common,3,REVENUE,0,0,0,0,0,0,0,0,0,0,0,0,0,0,0,0,0,0,0,0,0,0,0,0,0,0,0,0,0,0
Common,4,Insurance,0,-1344.98,0,0,0,0,0,0,0,0,0,0,0,0,0,0,0,0,0,0,0,0,0,0,0,0,0,0,0,0
Common,6,Repair,0,0,-1940,0,-159.09,0,0,0,0,-167.04,-932.77,-544.05,-377.46,0,-670.47,-60,-133.7,0,-1179.04,1156.24,-53.46,-182.65,-53.29,-25.59,-25.59,-25.59,-42.25,-26.07,-109.42,0
Common,7,Management,-892,-1571,-888,0,0,0,0,0,0,0,3351,0,0,0,0,0,0,0,0,0,0,0,0,0,0,0,0,0,0,0
Common,10,Professional Services,0,0,0,0,0,0,0,0,0,0,-2.77556E-17,0,0,0,0,0,0,0,0,0,0,0,0,0,0,0,0,0,0,0
Common,14,EXPENSES,-892,-2915.98,-2828,0,-159.09,0,0,0,0,-167.04,2418.23,-544.05,-377.46,0,-670.47,-60,-133.7,0,-1179.04,1156.24,-53.46,-182.65,-53.29,-25.59,-25.59,-25.59,-42.25,-26.07,-109.42,0
Common,15,NET INCOME,-892,-2915.98,-2828,0,-159.09,0,0,0,0,-167.04,2418.23,-544.05,-377.46,0,-670.47,-60,-133.7,0,-1179.04,1156.24,-53.46,-182.65,-53.29,-25.59,-25.59,-25.59,-42.25,-26.07,-109.42,0
Common,17,Capex,0,0,0,0,0,0,0,0,0,0,0,0,0,0,0,0,0,0,0,0,0,0,0,0,0,0,0,0,0,0
Common,18,Transfers,0,-1839.09,0,1839.09,0,0,0,0,0,0,0,0,0,0,0,0,0,0,0,0,0,0,0,0,0,0,0,0,0,500
Common,19,Owner Draw,-2000,5000,0,0,0,0,0,0,0,0,0,0,0,0,0,0,0,0,0,0,0,0,0,0,0,0,0,0,0,0
Common,21,CASHFLOW,950.75,1195.68,-1632.32,206.77,47.68,47.68,47.68,47.68,47.68,-119.36,2298.87,1754.82,1377.36,1377.36,706.89,646.89,513.19,513.19,-665.85,490.39,436.93,254.28,200.99,175.4,149.81,124.22,81.97,55.9,-53.52,446.48
MeadowSecurity,3,REVENUE,0,0,0,0,0,0,0,0,0,0,0,0,0,0,0,0,0,0,0,0,0,0,0,0,0,0,0,0,0,0
MeadowSecurity,10,Professional Services,0,0,0,0,0,0,0,0,0,0,0,0,-10,-10,-10,-10,-10,-10,-10,-10,-10,0,0,0,0,0,0,0,0,0
MeadowSecurity,14,EXPENSES,0,0,0,0,0,0,0,0,0,0,0,0,-10,-10,-10,-10,-10,-10,-10,-10,-10,0,0,0,0,0,0,0,0,0
MeadowSecurity,15,NET INCOME,0,0,0,0,0,0,0,0,0,0,0,0,-10,-10,-10,-10,-10,-10,-10,-10,-10,0,0,0,0,0,0,0,0,0
MeadowSecurity,20,Security Deposit,0,0,0,0,0,0,0,-1800,0,-4200,0,-1395,0,0,0,0,0,0,0,1500,0,0,0,22000,0,0,0,0,0,0
MeadowSecurity,21,CASHFLOW,7565,7565,7565,7565,7565,7565,7565,5765,5765,1565,1565,170,160,150,140,130,120,110,100,1590,1580,1580,1580,23580,0,0,0,0,0,0
Midway,1,Rent,19950.35,22927.25,27648.98,2658,56549.25,27798.76,25554.09,36706.65,27457.73,24958.37,39204.48,24658.32,23024.27,33700.27,28437,29798.92,32970.51,30929.67,28975.21,27056.76,25475,30616.62,32649.5,32501.13,0,55957.68,0,20683,46921.57,28291.43
Midway,3,REVENUE,19950.35,22927.25,27648.98,2658,56549.25,27798.76,25554.09,36706.65,27457.73,24958.37,39204.48,24658.32,23024.27,33700.27,28437,29798.92,32970.51,30929.67,28975.21,27056.76,25475,30616.62,32649.5,32501.13,0,55957.68,0,20683,46921.57,28291.43
Midway,4,Insurance,0,0,0,0,0,0,0,0,-22495,0,-1413,0,0,0,0,0,0,0,0,0,-32834,0,0,0,0,0,0,0,0,0
Midway,6,Repair,-5281.08,-11359.26,-5290.55,-12948.03,-6884.6,-8852.39,-3502.06,-7423.7,-9912.75,-8430.05,-9120.65,-8432.77,-5332.79,-12282.99,-2407.46,-5320.54,-4988.54,-6161.69,-3063.97,-8313.76,-5091.66,-11133.75,-14217.96,-7706.38,-1975.24,-2330.83,-2452.25,-6373.07,-5144.85,-5051.95
Midway,7,Management,-1500,-1500,-1500,-1500,-1500,-1500,-1500,-1500,-1500,-1500,-1500,1000,-1500,-1500,-1500,-1500,-1500,-1500,-1500,-1500,-1500,-1500,-1500,-1500,-1500,-1500,-1500,-1500,-1500,-1500
Midway,8,Utilities,-705.71,-1545.39,-1339.3,-1277.98,-1199.14,-883.78,-1076.62,-1015.3,-1739.11,-1056.58,-1172.75,-1044.65,-1428.95,-1465.89,-1054.14,-1063.29,-907.74,-971.79,-953.49,-971.19,-1184.22,-1010.16,-1338.63,-1031.46,-419.6,-75.26,-77.28,-77.28,-770.57,-838.08
Midway,9,Cleaning,0,-50,0,0,0,0,0,0,0,0,0,0,0,0,0,0,0,0,0,0,0,0,0,0,0,0,0,0,0,0
Midway,10,Professional Services,-298.95,-757.34,-1000.68,-362.19,-515.46,-412.73,-119.48,-26,-300,-2000,-108.24,-370,0,0,0,-232.73,-313.9,0,0,-100,-25,0,-108.24,-540,-995.28,-1200.45,-5673.44,-1056.2,0,0
Midway,11,Travel,0,-23.84,-175.21,0,0,-47.05,0,-124.46,0,0,-467.95,0,0,0,0,0,-101.38,0,0,0,0,0,0,0,0,0,0,0,0,0
Midway,14,EXPENSES,-7785.74,-15235.83,-9305.74,-16088.2,-10099.2,-11695.95,-6198.16,-10089.46,-35946.86,-12986.63,-13782.59,-8847.42,-8261.74,-15248.88,-4961.6,-8116.56,-7811.56,-8633.48,-5517.46,-10884.95,-40634.88,-13643.91,-17164.83,-10777.84,-4890.12,-5106.54,-9702.97,-9006.55,-7415.42,-7390.03
Midway,15,NET INCOME,12164.61,7691.42,18343.24,-13430.2,46450.05,16102.81,19355.93,26617.19,-8489.13,11971.74,25421.89,15810.9,14762.53,18451.39,23475.4,21682.36,25158.95,22296.19,23457.75,16171.81,-15159.88,16972.71,15484.67,21723.29,-4890.12,50851.14,-9702.97,11676.45,39506.15,20901.4
Midway,16,Mortgage Payments,-8351.17,-8351.17,-7881.39,-8351.17,-7032.79,-7189.38,-7032.79,-7189.38,-7189.38,-7032.79,-7189.38,-7032.79,-7189.38,-7189.38,-14533.86,-15003.64,-14847.05,-15003.64,-14847.05,-15003.64,-9541.83,-9385.24,-9541.83,-9385.24,-9541.83,-9541.83,-9228.64,-9541.83,-9502.97,-9368.89
Midway,17,Capex,0,42522,-1905,-4128,0,0,-3586,47098.16,0,0,0,0,0,0,0,0,0,0,0,0,-10581.86,0,0,0,0,0,0,0,0,0
Midway,19,Owner Draw,0,0,0,0,0,0,0,0,0,0,0,-150000,0,0,0,0,0,0,0,0,0,0,0,-50000,0,0,0,0,-60000,0
Midway,20,Security Deposit,0,0,0,0,0,0,900,0,0,0,100,0,0,0,0,-475,0,0,0,0,0,0,0,0,0,0,0,0,0,0
Midway,21,CASHFLOW,31897.25,73759.5,82316.35,56406.98,95824.24,104737.67,114374.81,180900.78,165222.27,170161.22,188493.73,47271.84,54844.99,66107,75048.54,81252.26,91564.16,98856.71,107467.41,108635.58,73352.01,80939.48,86882.32,49220.37,34788.42,76097.73,57166.12,59300.74,29303.92,40836.43
PagodaSecurity,2,Interest,0.17,0.16,0.17,0.17,0.18,0.16,0.18,0.17,0.17,0.17,1.11,1.47,2.26,2.09,2.32,2.25,2.32,2.25,2.32,2.33,2.24,2.33,2.25,2.49,0.78,0.22,0.24,0.23,0.24,0.24
PagodaSecurity,3,REVENUE,0.17,0.16,0.17,0.17,0.18,0.16,0.18,0.17,0.17,0.17,1.11,1.47,2.26,2.09,2.32,2.25,2.32,2.25,2.32,2.33,2.24,2.33,2.25,2.49,0.78,0.22,0.24,0.23,0.24,0.24
PagodaSecurity,5,Taxes,0,0,0,0,0,0,0,0,0,0,0,0,8000,0,0,0,0,0,0,0,0,0,0,0,0,0,0,0,0,0
PagodaSecurity,14,EXPENSES,0,0,0,0,0,0,0,0,0,0,0,0,8000,0,0,0,0,0,0,0,0,0,0,0,0,0,0,0,0,0
PagodaSecurity,15,NET INCOME,0.17,0.16,0.17,0.17,0.18,0.16,0.18,0.17,0.17,0.17,1.11,1.47,8002.26,2.09,2.32,2.25,2.32,2.25,2.32,2.33,2.24,2.33,2.25,2.49,0.78,0.22,0.24,0.23,0.24,0.24
PagodaSecurity,20,Security Deposit,0,0,0,0,0,0,0,0,0,0,0,-10215,0,0,0,0,0,0,0,0,0,0,0,10000,0,0,0,0,0,0
PagodaSecurity,21,CASHFLOW,20428.38,20428.54,20428.71,20428.88,20429.06,20429.22,20429.4,20429.57,20429.74,20429.91,20431.02,10217.49,18219.75,18221.84,18224.16,18226.41,18228.73,18230.98,18233.3,18235.63,18237.87,18240.2,18242.45,28244.94,28245.72,28245.94,28246.18,28246.41,28246.65,28246.89
Partnership,1,Rent,0,0,0,0,0,0,0,0,0,0,0,0,0,0,0,0,0,659.09,0,0,0,0,0,0,0,0,0,0,0,0
Partnership,2,Interest,2.99,2.64,2.91,2.8,2.84,2.18,1.75,2.89,2.79,2.88,90.35,245.47,694.38,755.32,876.17,834.78,869.72,841.11,689.24,376.81,363.8,379.55,371.51,457.53,1052.56,526.53,10.11,9.77,18.54,31.42
Partnership,3,REVENUE,2.99,2.64,2.91,2.8,2.84,2.18,1.75,2.89,2.79,2.88,90.35,245.47,694.38,755.32,876.17,834.78,869.72,1500.2,689.24,376.81,363.8,379.55,371.51,457.53,1052.56,526.53,10.11,9.77,18.54,31.42
Partnership,5,Taxes,0,0,0,0,0,0,0,0,0,0,0,0,0,0,0,0,0,0,0,0,0,0,0,0,0,0,0,0,0,0
Partnership,7,Management,0,0,0,0,0,0,0,0,0,0,0,0,0,0,0,0,0,0,0,0,0,0,0,0,-20000,0,0,0,0,0
Partnership,10,Professional Services,0,0,0,0,0,-180,-165,0,0,0,0,0,0,0,-75,0,-15,0,0,0,0,8536.2,0,0,0,0,0,0,-40,-25
Partnership,13,Allocation,0,0,0,-3800,0,0,0,0,0,0,0,0,0,0,0,0,0,0,0,0,0,0,0,0,0,0,0,0,0,0
Partnership,14,EXPENSES,0,0,0,-3800,0,-180,-165,0,0,0,0,0,0,0,-75,0,-15,0,0,0,0,8536.2,0,0,-20000,0,0,0,-40,-25
Partnership,15,NET INCOME,2.99,2.64,2.91,-3797.2,2.84,-177.82,-163.25,2.89,2.79,2.88,90.35,245.47,694.38,755.32,801.17,834.78,854.72,1500.2,689.24,376.81,363.8,8915.75,371.51,457.53,-18947.44,526.53,10.11,9.77,-21.46,6.42
Partnership,17,Capex,0,0,0,0,0,-147000,151050,0,0,0,0,103375.4,0,0,-25000,0,7500,0,-70000,0,0,0,0,13000,0,0,-2000,0,-257993.38,-98000
Partnership,18,Transfers,0,0,0,0,0,0,0,0,0,0,0,0,0,0,0,0,0,0,0,0,0,0,0,0,0,0,0,0,0,0
Partnership,19,Owner Draw,0,-5000,0,0,0,0,0,-1000,0,0,0,272000,-1000,-10000,0,-5000,0,-6000,-3000,0,0,0,0,126500,38000,-11000,0,0,55000,-2500
Partnership,20,Security Deposit,0,0,0,0,0,0,0,0,0,0,0,0,0,0,0,0,0,0,0,-1500,0,0,0,0,0,0,0,0,0,0
Partnership,21,CASHFLOW,175918.68,170921.32,170924.23,167127.03,167129.87,19952.05,170838.8,169841.69,169844.48,169847.36,169937.71,545558.58,545252.96,536008.28,511809.45,507644.23,515998.95,511499.15,439188.39,438065.2,438429,447344.75,447716.26,587673.79,606726.35,596252.88,594262.99,594272.76,391257.92,290764.34
TrustAccount,3,REVENUE,0,0,0,0,0,0,0,0,0,0,0,0,0,0,0,0,0,0,0,0,0,0,0,0,0,0,0,0,0,0
TrustAccount,14,EXPENSES,0,0,0,0,0,0,0,0,0,0,0,0,0,0,0,0,0,0,0,0,0,0,0,0,0,0,0,0,0,0
TrustAccount,15,NET INCOME,0,0,0,0,0,0,0,0,0,0,0,0,0,0,0,0,0,0,0,0,0,0,0,0,0,0,0,0,0,0
TrustAccount,20,Security Deposit,900,1050,0,0,0,0,-900,0,0,0,-900,0,0,0,0,0,0,0,0,0,0,0,0,0,0,0,0,0,0,0
TrustAccount,21,CASHFLOW,6200,7250,7250,7250,7250,7250,6350,6350,6350,6350,5450,0,0,0,0,0,0,0,0,0,0,0,0,0,0,0,0,0,0,0
TrustChase,1,Rent,1200,0,0,0,0,0,0,0,0,0,0,0,0,0,0,0,0,0,0,0,0,0,0,0,0,0,0,0,0,0
TrustChase,3,REVENUE,1200,0,0,0,0,0,0,0,0,0,0,0,0,0,0,0,0,0,0,0,0,0,0,0,0,0,0,0,0,0
TrustChase,14,EXPENSES,0,0,0,0,0,0,0,0,0,0,0,0,0,0,0,0,0,0,0,0,0,0,0,0,0,0,0,0,0,0
TrustChase,15,NET INCOME,1200,0,0,0,0,0,0,0,0,0,0,0,0,0,0,0,0,0,0,0,0,0,0,0,0,0,0,0,0,0
TrustChase,20,Security Deposit,1000,0,0,0,0,0,0,0,-1200,0,0,2500,0,0,0,0,0,0,0,0,0,0,0,0,0,0,0,0,0,0
TrustChase,21,CASHFLOW,2400,2400,2400,2400,2400,2400,2400,2400,1200,1200,1200,3700,0,0,0,0,0,0,0,0,0,0,0,0,0,0,0,0,0,0